@article{harvey2003skipnet,
  title={Skipnet: A scalable overlay network with practical locality properties},
  author={Harvey, Nicholas JA and Jones, Michael B and Saroiu, Stefan and Theimer, Marvin and Wolman, Alec},
  journal={networks},
  volume={34},
  number={38},
  year={2003}
}
@article{zoph2016neural,
  title={Neural architecture search with reinforcement learning},
  author={Zoph, Barret and Le, Quoc V},
  journal={arXiv preprint arXiv:1611.01578},
  year={2016}
}
@inproceedings{tang2016recurrent,
  title={Recurrent neural network training with dark knowledge transfer},
  author={Tang, Zhiyuan and Wang, Dong and Zhang, Zhiyong},
  booktitle={Acoustics, Speech and Signal Processing (ICASSP), 2016 IEEE International Conference on},
  pages={5900--5904},
  year={2016},
  organization={IEEE}
}
@article{iandola2016squeezenet,
  title={SqueezeNet: AlexNet-level accuracy with 50x fewer parameters and< 0.5 MB model size},
  author={Iandola, Forrest N and Han, Song and Moskewicz, Matthew W and Ashraf, Khalid and Dally, William J and Keutzer, Kurt},
  journal={arXiv preprint arXiv:1602.07360},
  year={2016}
}
@article{hobson2002cognitive,
  title={The cognitive neuroscience of sleep: neuronal systems, consciousness and learning},
  author={Hobson, J Allan and Pace-Schott, Edward F},
  journal={Nature Reviews Neuroscience},
  volume={3},
  number={9},
  pages={679--693},
  year={2002},
  publisher={Nature Publishing Group}
}
@article{schenck2002rem,
  title={REM sleep behavior disorder: clinical, developmental, and neuroscience perspectives 16 years after its formal identification in SLEEP.},
  author={Schenck, Carlos H and Mahowald, Mark W},
  journal={Sleep},
  volume={25},
  number={2},
  pages={120},
  year={2002}
}
@article{ross1984tonic,
  title={Tonic vasomotor control by the rostral ventrolateral medulla: effect of electrical or chemical stimulation of the area containing C1 adrenaline neurons on arterial pressure, heart rate, and plasma catecholamines and vasopressin},
  author={Ross, CHRISTOPHER A and Ruggiero, DAVID A and Park, DONG H and Joh, TONG H and Sved, ALAN F and Fernandez-Pardal, JULIO and Saavedra, JUAN M and Reis, DONALD J},
  journal={Journal of Neuroscience},
  volume={4},
  number={2},
  pages={474--494},
  year={1984},
  publisher={Soc Neuroscience}
}

@inproceedings{krizhevsky2012imagenet,
  title={Imagenet classification with deep convolutional neural networks},
  author={Krizhevsky, Alex and Sutskever, Ilya and Hinton, Geoffrey E},
  booktitle={Advances in neural information processing systems},
  pages={1097--1105},
  year={2012}
}

